@misc{ttb,
  author = {Brett W. Bader and Tamara G. Kolda and others},
  title = {{MATLAB Tensor Toolbox Version} 3.1},
  howpublished = {Available online},
  month = jun,
  year = {2019},
  url = {https://www.tensortoolbox.org}
}

@article{hosvd,
	title = {A Multilinear Singular Value Decomposition},
	volume = {21},
	url = {http://epubs.siam.org/doi/10.1137/S0895479896305696},
	doi = {10.1137/S0895479896305696},
	pages = {1253--1278},
	number = {4},
	journaltitle = {{SIAM} Journal on Matrix Analysis and Applications},
	shortjournal = {{SIAM} J. Matrix Anal. \& Appl.},
	author = {De Lathauwer, Lieven and De Moor, Bart and Vandewalle, Joos},
	urldate = {2019-11-05},
	date = {2000-01},
	langid = {english}
}

@UNPUBLISHED {pod_book,
    author = "S. Volkwein",
    title  = "Proper {Orthogonal} {Decomposition}: {Theory} and {Reduced-Order} {Modeling}",
    note   = "Lecture Notes, University of Konstanz Department of Mathematics and Statistics",
    month  = "Aug",
    year   = "2013"
}

@UNPUBLISHED {fin_diff,
    author = "M. Pugh and R. Almgren",
    title  = "Mat1062: {Introductory} {Numerical} {Methods} for {PDE}",
    note   = "Introduction to Finite Difference Methods, University of Toronto",
    month  = "Jan",
    year   = "2009"
}

@book{trefethen_bau,
	location = {Philadelphia},
	title = {Numerical Linear Algebra},
	isbn = {978-0-89871-361-9},
	publisher = {Society for Industrial and Applied Mathematics},
	author = {Trefethen, Lloyd N. and Bau, David},
	date = {1997},
	keywords = {Algebras, Linear, Numerical calculations}
}

@book{kreyszig,
	address = {New York},
	title = {Introductory functional analysis with applications},
	isbn = {978-0-471-50731-4},
	publisher = {Wiley},
	author = {Kreyszig, Erwin},
	year = {1978},
	keywords = {Functional analysis},
	annote = {Includes index}
}


@book{pdes,
	address = {Mineola, New York},
	edition = {Dover edition/Revised amd updated third edition},
	title = {Partial differential equations with {Fourier} series and boundary value problems},
	isbn = {978-0-486-80737-9},
	publisher = {Dover Publications, Inc},
	author = {Asmar, Nakhl√© H.},
	year = {2016},
	keywords = {Boundary value problems, Differential equations, Partial, Fourier series}
}

@article{kolda_bader,
	title = {Tensor {Decompositions} and {Applications}},
	volume = {51},
	issn = {0036-1445, 1095-7200},
	url = {http://epubs.siam.org/doi/10.1137/07070111X},
	doi = {10.1137/07070111X},
	language = {en},
	number = {3},
	urldate = {2019-11-02},
	journal = {SIAM Review},
	author = {Kolda, Tamara G. and Bader, Brett W.},
	month = aug,
	year = {2009},
	pages = {455--500}
}